@online{LogikSim,
    author = "Christian Brugger",
    title = "LogikSim - Logische Schaltungen",
    url  = "https://logiksim.dbclan.de/index.html",
    addendum = "(Stand 11.06.2020)",
    keywords = "logik, sim, schaltungen, logisch"
}

@online{HAWA,
    author = "Staatliche Studienakademie Glauchau",
    title = "Hinweise zur Anfertigung wissenschaftlicher Arbeiten",
    url = "https://www.ba-glauchau.de/fileadmin/glauchau/waehrend-des-studium/dokumente/pruefungen/4BA-F.207_Hinweise_zur_Anfertigung_wissenschaftlicher_Arbeiten.pdf",
    addendum = "(Stand 12.06.2020)",
    keywords = "HAWA, arbeiten, vorlage, latex"
}